<record><leader>01734cam a2200361 i 45 0</leader><controlfield tag="001">6667778</controlfield><controlfield tag="005">20140625094238.0</controlfield><controlfield tag="008">140624s2015    nhua     bf   000 0 eng  </controlfield><datafield ind1=" " ind2=" " tag="010"><subfield code="a">  2014024939</subfield></datafield><datafield ind1=" " ind2=" " tag="020"><subfield code="a">9780325049243 (pbk. : alk. paper)</subfield></datafield><datafield ind1=" " ind2=" " tag="035"><subfield code="a">ocn881208927</subfield></datafield><datafield ind1=" " ind2=" " tag="040"><subfield code="a">DLC</subfield><subfield code="b">eng</subfield><subfield code="e">rda</subfield><subfield code="c">DLC</subfield><subfield code="d">AGPC</subfield></datafield><datafield ind1=" " ind2=" " tag="042"><subfield code="a">pcc</subfield></datafield><datafield ind1="0" ind2="0" tag="050"><subfield code="a">QA135.6</subfield><subfield code="b">.H915 2015</subfield></datafield><datafield ind1="0" ind2="0" tag="082"><subfield code="a">372.7</subfield><subfield code="2">23</subfield></datafield><datafield ind1=" " ind2=" " tag="090"><subfield code="a">QA 135.6 H915 2015</subfield><subfield code="b">AGPC</subfield></datafield><datafield ind1=" " ind2=" " tag="090"><subfield code="a">QA 135.6 H915 2015</subfield><subfield code="b">AEU</subfield></datafield><datafield ind1="1" ind2=" " tag="100"><subfield code="a">Hyde, Arthur A.</subfield></datafield><datafield ind1="1" ind2="0" tag="245"><subfield code="a">Comprehending problem solving :</subfield><subfield code="b">building mathematical understanding with cognition and language /</subfield><subfield code="c">Arthur Hyde ; foreword by Ellin Oliver Keene.</subfield></datafield><datafield ind1=" " ind2="1" tag="264"><subfield code="a">Portsmouth, NH :</subfield><subfield code="b">Heinemann,</subfield><subfield code="c">[2015]</subfield></datafield><datafield ind1=" " ind2="4" tag="264"><subfield code="c">&#169;2015.</subfield></datafield><datafield ind1=" " ind2=" " tag="300"><subfield code="a">xxvi, 125 pages :</subfield><subfield code="b">illustrations ;</subfield><subfield code="c">24 cm</subfield></datafield><datafield ind1=" " ind2=" " tag="336"><subfield code="a">text</subfield><subfield code="2">rdacontent</subfield></datafield><datafield ind1=" " ind2=" " tag="337"><subfield code="a">unmediated</subfield><subfield code="2">rdamedia</subfield></datafield><datafield ind1=" " ind2=" " tag="338"><subfield code="a">volume</subfield><subfield code="2">rdacarrier</subfield></datafield><datafield ind1=" " ind2=" " tag="504"><subfield code="a">Includes bibliographical references.</subfield></datafield><datafield ind1="0" ind2=" " tag="505"><subfield code="a">Introduction -- Attending to cognitive processes -- Attending to language issues -- Broadening the definition of problem solving -- Mathematical modeling and problem solving -- Exploring the braid model of problem solving -- Planning for and implementing the braid model -- Appendix.</subfield></datafield><datafield ind1=" " ind2=" " tag="596"><subfield code="a">28 41</subfield></datafield><datafield ind1=" " ind2="0" tag="650"><subfield code="a">Mathematics</subfield><subfield code="x">Study and teaching (Elementary)</subfield><subfield code="v">Handbooks, manuals, etc.</subfield></datafield><datafield ind1=" " ind2="0" tag="650"><subfield code="a">Elementary school teachers</subfield><subfield code="x">Training of</subfield><subfield code="v">Handbooks, manuals, etc.</subfield></datafield><datafield ind1=" " ind2="0" tag="650"><subfield code="a">Mathematics teachers</subfield><subfield code="x">Training of</subfield><subfield code="v">Handbooks, manuals, etc.</subfield></datafield><datafield ind1=" " ind2=" " tag="926"><subfield code="a">QA 135.6 H915 2015</subfield><subfield code="w">LC</subfield><subfield code="c">1</subfield><subfield code="i">31847001268603</subfield><subfield code="l">ON_SHELF</subfield><subfield code="m">GPRC_GP</subfield><subfield code="p">$150.00</subfield><subfield code="r">Y</subfield><subfield code="s">Y</subfield><subfield code="t">BOOK</subfield><subfield code="u">8/28/2014</subfield></datafield><datafield ind1=" " ind2=" " tag="926"><subfield code="a">QA 135.6 H915 2015</subfield><subfield code="w">LC</subfield><subfield code="c">1</subfield><subfield code="i">0162035239209</subfield><subfield code="d">9/22/2015</subfield><subfield code="e">9/15/2015</subfield><subfield code="l">FLOOR_2</subfield><subfield code="m">UAEDUC</subfield><subfield code="n">2</subfield><subfield code="p">$150.00</subfield><subfield code="r">Y</subfield><subfield code="s">Y</subfield><subfield code="t">BOOK</subfield><subfield code="u">2/11/2015</subfield></datafield></record>